@book{suryCongruence,
  title={The congruence subgroup problem: an elementary approach aimed at applications},
  author={Sury, B},
  volume={24},
  year={2003},
  publisher={Hindustan Book Agency}
}
@article{conrad,
  title={SL2 (Z)},
  author={Conrad, Keith},
  journal={Expository Papers, http://www. math. uconn. edu/kconrad/blurbs}
}
@book{koblitz,
  title={Introduction to elliptic curves and modular forms},
  author={Koblitz, Neal I},
  volume={97},
  year={2012},
  publisher={Springer Science \& Business Media}
}
@misc{manchesterNotes,
  author        = {Charles Walkden},
  title         = {Hyperbolic Geometry Lecture Notes},
  month         = {January},
  year          = {2016},
  publisher={University of Manchester}
}
@Article{galoisLetter,
title="Classics",
journal="Resonance",
year="1999",
volume="4",
number="10",
pages="93--100",
issn="0973-712X",
doi="10.1007/BF02834265",
url="http://dx.doi.org/10.1007/BF02834265"
}

@book{klein,
  title={Vorlesungen {\"u}ber die Theorie der elliptischen Modulfunctionen},
  author={Klein, Felix},
  volume={1},
  year={1890},
  publisher={BG Teubner}
}
@article{seressPermutation,
  title={Permutation group algorithms, Cambridge U},
  author={Seress, {\'A}},
  journal={Press, Cambridge},
  year={2002}
}
@article{alperinpsl,
  title={PSL 2 (Z)= Z 2* Z 3},
  author={Alperin, Roger C},
  journal={The American Mathematical Monthly},
  volume={100},
  number={4},
  pages={385--386},
  year={1993},
  publisher={JSTOR}
}
@book{katok,
  title={Fuchsian groups},
  author={Katok, Svetlana},
  year={1992},
  publisher={University of Chicago press}
}
@article{verrill,
  title={Fundamental domain drawer},
  author={Verrill, Helena},
  journal={Java program, http://www. math. lsu. edu/\~{} verrill/D d ()(sage. modular. arithgroup. arithgroup\_element. ArithmeticSubgroupElement method)},
  volume={36},
  year={2001}
}

@book{dummit,
  title={Abstract algebra},
  author={Dummit, David Steven and Foote, Richard M},
  volume={1984},
  year={2004},
  publisher={Wiley Hoboken}
}
@book{rotmanFree,
  title={An introduction to the theory of groups},
  author={Rotman, Joseph},
  volume={148},
  year={2012},
  publisher={Springer Science \& Business Media}
}
@book{kantorGenerated,
  title={Groups of Lie Type and Their Geometries},
  author={Kantor, William M and Di Martino, Lino},
  volume={207},
  year={1995},
  publisher={Cambridge University Press}
}
@article{miller,
author = "Miller, G. A.",
fjournal = "Bulletin of the American Mathematical Society",
journal = "Bull. Amer. Math. Soc.",
month = "07",
number = "10",
pages = "424--426",
publisher = "American Mathematical Society",
title = "On the groups generated by two operators",
url = "http://projecteuclid.org/euclid.bams/1183416688",
volume = "7",
year = "1901"
}
@Article{bassSolution,
author="Bass, H.
and Milnor, J.
and Serre, J. -P.",
title="Solution of the congruence subgroup problem for SL(n,Z)(n > 2) and Sp(2n,Z)                      (n > 1)",
journal="Publications Math{\'e}matiques de l'Institut des Hautes {\'E}tudes Scientifiques",
year="1967",
volume="33",
number="1",
pages="59--137",
issn="1618-1913",
doi="10.1007/BF02684586",
url="http://dx.doi.org/10.1007/BF02684586"
}
@article{hsu1996identifying,
  title={Identifying congruence subgroups of the modular group},
  author={Hsu, Tim},
  journal={Proceedings of the American Mathematical Society},
  volume={124},
  number={5},
  pages={1351--1359},
  year={1996}
}
@article{bass1964,
  title={Sous-groupes d'indice fini dans $SL\left( {n,Z} \right)$},
  author={Bass, Hyman and Lazard, Michel and Serre, Jean-Pierre},
  journal={Bulletin of the American mathematical society},
  volume={70},
  number={3},
  pages={385--392},
  year={1964}
}

